<?xml version="1.0" encoding="UTF-8"?><collection xmlns="http://www.loc.gov/MARC21/slim"><record><leader>00577nam--2200205-i-4500</leader><controlfield tag="001">000022220</controlfield><controlfield tag="002">20161230</controlfield><controlfield tag="005">20170210000109</controlfield><controlfield tag="008">060222s1000------------r-----000-0-rus-d</controlfield><datafield ind1=" " ind2=" " tag="040"><subfield code="a">IFIN-HH</subfield></datafield><datafield ind1=" " ind2=" " tag="041"><subfield code="a">rus</subfield></datafield><datafield ind1=" " ind2=" " tag="080"><subfield code="a">539.17</subfield></datafield><datafield ind1="1" ind2=" " tag="100"><subfield code="a">Karlsson, E</subfield></datafield><datafield ind1="1" ind2="0" tag="245"><subfield code="a">Vozmusennie uglovie korreliatii</subfield><subfield code="c">E. Karlsson, E. Matthias, K. Segbahn (eds.)</subfield></datafield><datafield ind1=" " ind2=" " tag="260"><subfield code="a">Moskva</subfield><subfield code="b">Atomizdat</subfield><subfield code="c">1966</subfield></datafield><datafield ind1=" " ind2=" " tag="300"><subfield code="a">447 p</subfield></datafield><datafield ind1=" " ind2=" " tag="500"><subfield code="a">Titlul Original In Limba Engleza: Perturbed Angular Correlaions</subfield></datafield><datafield ind1="1" ind2=" " tag="700"><subfield code="a">Siegbahn, Kai</subfield></datafield><datafield ind1=" " ind2=" " tag="852"><subfield code="a">25606</subfield><subfield code="c">539.17</subfield></datafield><datafield ind1=" " ind2=" " tag="CAT"><subfield code="a">SYS</subfield><subfield code="c">20170210</subfield><subfield code="h">000109</subfield></datafield></record></collection>